@techreport{hoover,
  author = {Hoover's},
  title = {APPLE INC. Profile},
  month = {December},
  year = {2016},
}

@online{jobs,
  title = "Steve Jobs",
  author = "Wikipedia",
  url = "https://en.wikipedia.org/wiki/Steve_Jobs",
  year = 2017
}

@online{lexis,
  title = "LexisNexis Academic",
  author = "Reed Elsevier Inc.",
  url = "http://www.lexisnexis.com.ezproxy.pct.edu/hottopics/lnacademic/",
  year = 2017
}

@online{lifewire,
  title = "How Many iPhones Have Been Sold?",
  author = "Sam Costello",
  url = "https://www.lifewire.com/how-many-iphones-have-been-sold-1999500",
  month = March
  year = 2017
}

@online{lifewire2,
  title = "How Many iPads Have Been Sold?",
  author = "Daniel Nations",
  url = "https://www.lifewire.com/how-many-ipads-sold-1994296"
  month = March
  year = 2017
}

@online{cnnapple,
  title = "CNN Money Apple Inc.",
  author = "CNN",
  url = "http://money.cnn.com/quote/quote.html?symb=AAPL"
  month = April
  year = 2017
}

@online{fool,
  title = "Why Apple Inc. Stock Jumped 13\% in February",
  author = "Demitrios Kalogeropoulos",
  url = "https://www.fool.com/investing/2017/03/07/why-apple-inc-stock-jumped-13-in-february.aspx"
  month = March
  year = 2017
}

@online{zacks-bal,
  title = "Apple Inc. Balance Sheet",
  author = "Zacks",
  url = "https://www.zacks.com/stock/quote/AAPL/balance-sheet"
  month = April
  year = 2017
}

@online{zacks-income,
  title = "Apple Inc. Income Statement",
  author = "Zacks",
  url = "https://www.zacks.com/stock/quote/AAPL/income-statement"
  month = April
  year = 2017
}

@online{zacks-cash,
  title = "Apple Inc. Cash Flow Statement",
  author = "Zacks",
  url = "https://www.zacks.com/stock/quote/AAPL/cash-flow-statements"
  month = April
  year = 2017
}

@BOOK{DUMMY:1,
AUTHOR="John Doe",
TITLE="The Book without Title",
PUBLISHER="Dummy Publisher",
YEAR="2100",
}